@online{MonitoringMaturityModel,
    author = {James Turnbull},
    title = {A Monitoring Maturity Model},
    year = {2022},
    url = {https://www.kartar.net/posts/a-monitoring-maturity-model.markdown/},
    urldate = {2024-05-18} % Add the date you accessed the article
}

@misc{prometheusGolang,
  author = {The Prometheus Authors},
  title = {Prometheus Go Client Library},
  year = {2024},
  publisher = {GitHub},
  journal = {GitHub repository},
  url = {https://github.com/prometheus/client_golang},
  note = {Accessed: 2024-05-19}
}

@misc{certbotDigitalOceanIssues,
    title = {How To Acquire a Let's Encrypt Certificate Using DNS Validation with acme-dns-certbot on Ubuntu 18.04},
    author = {Jamie Scaife and  Kathryn Hancox},
    year = {2020},
    url = {https://www.digitalocean.com/community/tutorials/how-to-acquire-a-let-s-encrypt-certificate-using-dns-validation-with-acme-dns-certbot-on-ubuntu-18-04},
    note = {Accessed: 2024-05-19},
    publisher = {DigitalOcean}
}
@misc{acmedns,
    author = {Joohoi},
    title = {acme-dns-certbot-joohoi},
    year = {2019},
    url = {https://github.com/joohoi/acme-dns-certbot-joohoi},
    note = {Accessed: 2024-05-19}
}

